%% This BibTeX bibliography file was created using BibDesk.
%% http://bibdesk.sourceforge.net/


%% Created for Alexa Schlegel at 2015-11-24 00:22:36 +0100 


%% Saved with string encoding Unicode (UTF-8) 

@article{lancichinetti2009community,
  title={Community detection algorithms: a comparative analysis},
  author={Lancichinetti, Andrea and Fortunato, Santo},
  journal={Physical review E},
  volume={80},
  number={5},
  pages={056117},
  year={2009},
  publisher={APS}
}

@article{fortunato2010community,
  title={Community detection in graphs},
  author={Fortunato, Santo},
  journal={Physics Reports},
  volume={486},
  number={3},
  pages={75--174},
  year={2010},
  publisher={Elsevier}
}

@article{newman2004fast,
  title={Fast algorithm for detecting community structure in networks},
  author={Newman, Mark EJ},
  journal={Physical review E},
  volume={69},
  number={6},
  pages={066133},
  year={2004},
  publisher={APS}
}

@article{girvan2002community,
  title={Community structure in social and biological networks},
  author={Girvan, Michelle and Newman, Mark EJ},
  journal={Proceedings of the national academy of sciences},
  volume={99},
  number={12},
  pages={7821--7826},
  year={2002},
  publisher={National Acad Sciences}
}

@article{batagelj2007short,
  title={Short cycle connectivity},
  author={Batagelj, Vladimir and Zaver{\v{s}}nik, Matjaz},
  journal={Discrete Mathematics},
  volume={307},
  number={3},
  pages={310--318},
  year={2007},
  publisher={Elsevier}
}

@article{everett1998analyzing,
  title={Analyzing clique overlap},
  author={Everett, Martin G and Borgatti, Stephen P},
  journal={Connections},
  volume={21},
  number={1},
  pages={49--61},
  year={1998}
}

@article{derenyi2005clique,
  title={Clique percolation in random networks},
  author={Der{\'e}nyi, Imre and Palla, Gergely and Vicsek, Tam{\'a}s},
  journal={Physical review letters},
  volume={94},
  number={16},
  pages={160202},
  year={2005},
  publisher={APS}
}

@article{barabasi2002evolution,
	Author = {Barab{\^a}si, Albert-Laszlo and Jeong, Hawoong and N{\'e}da, Zoltan and Ravasz, Erzsebet and Schubert, Andras and Vicsek, Tamas},
	Date-Added = {2015-11-23 23:21:18 +0000},
	Date-Modified = {2015-11-23 23:21:18 +0000},
	Journal = {Physica A: Statistical mechanics and its applications},
	Number = {3},
	Pages = {590--614},
	Publisher = {Elsevier},
	Title = {Evolution of the social network of scientific collaborations},
	Volume = {311},
	Year = {2002},
	Bdsk-File-1 = {YnBsaXN0MDDUAQIDBAUGJCVYJHZlcnNpb25YJG9iamVjdHNZJGFyY2hpdmVyVCR0b3ASAAGGoKgHCBMUFRYaIVUkbnVsbNMJCgsMDxJXTlMua2V5c1pOUy5vYmplY3RzViRjbGFzc6INDoACgAOiEBGABIAFgAdccmVsYXRpdmVQYXRoWWFsaWFzRGF0YV8QNy4uLy4uL1BhcGVycy9uZXR3b3Jrcy8xLXMyLjAtUzAzNzg0MzcxMDIwMDczNjctbWFpbi5wZGbSFwsYGVdOUy5kYXRhTxEB1gAAAAAB1gACAAAMTWFjaW50b3NoIEhEAAAAAAAAAAAAAAAAAAAAzyiwX0grAAABHtgiHzEtczIuMC1TMDM3ODQzNzEwMjAjMTFGMEM5QS5wZGYAAAAAAAAAAAAAAAAAAAAAAAAAAAAAAAAAAAAAAAAAAAEfDJrSeV4VAAAAAAAAAAAAAgADAAAJIAAAAAAAAAAAAAAAAAAAAAhuZXR3b3JrcwAQAAgAAM8ook8AAAARAAgAANJ5UAUAAAABABABHtgiAP7BgwAI/OIAAmXaAAIATE1hY2ludG9zaCBIRDpVc2VyczoAYWxleGE6AFBhcGVyczoAbmV0d29ya3M6ADEtczIuMC1TMDM3ODQzNzEwMjAjMTFGMEM5QS5wZGYADgBEACEAMQAtAHMAMgAuADAALQBTADAAMwA3ADgANAAzADcAMQAwADIAMAAwADcAMwA2ADcALQBtAGEAaQBuAC4AcABkAGYADwAaAAwATQBhAGMAaQBuAHQAbwBzAGgAIABIAEQAEgA9VXNlcnMvYWxleGEvUGFwZXJzL25ldHdvcmtzLzEtczIuMC1TMDM3ODQzNzEwMjAwNzM2Ny1tYWluLnBkZgAAEwABLwAAFQACAAz//wAAgAbSGxwdHlokY2xhc3NuYW1lWCRjbGFzc2VzXU5TTXV0YWJsZURhdGGjHR8gVk5TRGF0YVhOU09iamVjdNIbHCIjXE5TRGljdGlvbmFyeaIiIF8QD05TS2V5ZWRBcmNoaXZlctEmJ1Ryb290gAEACAARABoAIwAtADIANwBAAEYATQBVAGAAZwBqAGwAbgBxAHMAdQB3AIQAjgDIAM0A1QKvArECtgLBAsoC2ALcAuMC7ALxAv4DAQMTAxYDGwAAAAAAAAIBAAAAAAAAACgAAAAAAAAAAAAAAAAAAAMd}}

@article{newman2001structure,
	Author = {Newman, Mark EJ},
	Date-Added = {2015-11-23 23:19:55 +0000},
	Date-Modified = {2015-11-23 23:19:55 +0000},
	Journal = {Proceedings of the National Academy of Sciences},
	Number = {2},
	Pages = {404--409},
	Publisher = {National Acad Sciences},
	Title = {The structure of scientific collaboration networks},
	Volume = {98},
	Year = {2001},
	Bdsk-File-1 = {YnBsaXN0MDDUAQIDBAUGJCVYJHZlcnNpb25YJG9iamVjdHNZJGFyY2hpdmVyVCR0b3ASAAGGoKgHCBMUFRYaIVUkbnVsbNMJCgsMDxJXTlMua2V5c1pOUy5vYmplY3RzViRjbGFzc6INDoACgAOiEBGABIAFgAdccmVsYXRpdmVQYXRoWWFsaWFzRGF0YV8QMC4uLy4uL1BhcGVycy9uZXR3b3Jrcy9QTkFTLTIwMDEtTmV3bWFuLTQwNC05LnBkZtIXCxgZV05TLmRhdGFPEQG8AAAAAAG8AAIAAAxNYWNpbnRvc2ggSEQAAAAAAAAAAAAAAAAAAADPKLBfSCsAAAEe2CIaUE5BUy0yMDAxLU5ld21hbi00MDQtOS5wZGYAAAAAAAAAAAAAAAAAAAAAAAAAAAAAAAAAAAAAAAAAAAAAAAAAAR8JmtJ5Xb4AAAAAAAAAAAACAAMAAAkgAAAAAAAAAAAAAAAAAAAACG5ldHdvcmtzABAACAAAzyiiTwAAABEACAAA0nlPrgAAAAEAEAEe2CIA/sGDAAj84gACZdoAAgBHTWFjaW50b3NoIEhEOlVzZXJzOgBhbGV4YToAUGFwZXJzOgBuZXR3b3JrczoAUE5BUy0yMDAxLU5ld21hbi00MDQtOS5wZGYAAA4ANgAaAFAATgBBAFMALQAyADAAMAAxAC0ATgBlAHcAbQBhAG4ALQA0ADAANAAtADkALgBwAGQAZgAPABoADABNAGEAYwBpAG4AdABvAHMAaAAgAEgARAASADZVc2Vycy9hbGV4YS9QYXBlcnMvbmV0d29ya3MvUE5BUy0yMDAxLU5ld21hbi00MDQtOS5wZGYAEwABLwAAFQACAAz//wAAgAbSGxwdHlokY2xhc3NuYW1lWCRjbGFzc2VzXU5TTXV0YWJsZURhdGGjHR8gVk5TRGF0YVhOU09iamVjdNIbHCIjXE5TRGljdGlvbmFyeaIiIF8QD05TS2V5ZWRBcmNoaXZlctEmJ1Ryb290gAEACAARABoAIwAtADIANwBAAEYATQBVAGAAZwBqAGwAbgBxAHMAdQB3AIQAjgDBAMYAzgKOApAClQKgAqkCtwK7AsICywLQAt0C4ALyAvUC+gAAAAAAAAIBAAAAAAAAACgAAAAAAAAAAAAAAAAAAAL8}}

@article{newman2004coauthorship,
	Author = {Newman, Mark EJ},
	Date-Added = {2015-11-23 23:18:14 +0000},
	Date-Modified = {2015-11-23 23:18:14 +0000},
	Journal = {Proceedings of the national academy of sciences},
	Number = {suppl 1},
	Pages = {5200--5205},
	Publisher = {National Acad Sciences},
	Title = {Coauthorship networks and patterns of scientific collaboration},
	Volume = {101},
	Year = {2004},
	Bdsk-File-1 = {YnBsaXN0MDDUAQIDBAUGJCVYJHZlcnNpb25YJG9iamVjdHNZJGFyY2hpdmVyVCR0b3ASAAGGoKgHCBMUFRYaIVUkbnVsbNMJCgsMDxJXTlMua2V5c1pOUy5vYmplY3RzViRjbGFzc6INDoACgAOiEBGABIAFgAdccmVsYXRpdmVQYXRoWWFsaWFzRGF0YV8QMS4uLy4uL1BhcGVycy9uZXR3b3Jrcy9QTkFTLTIwMDQtTmV3bWFuLTUyMDAtNS5wZGbSFwsYGVdOUy5kYXRhTxEBwAAAAAABwAACAAAMTWFjaW50b3NoIEhEAAAAAAAAAAAAAAAAAAAAzyiwX0grAAABHtgiG1BOQVMtMjAwNC1OZXdtYW4tNTIwMC01LnBkZgAAAAAAAAAAAAAAAAAAAAAAAAAAAAAAAAAAAAAAAAAAAAAAAAEfBp3SeV1iAAAAAAAAAAAAAgADAAAJIAAAAAAAAAAAAAAAAAAAAAhuZXR3b3JrcwAQAAgAAM8ook8AAAARAAgAANJ5T1IAAAABABABHtgiAP7BgwAI/OIAAmXaAAIASE1hY2ludG9zaCBIRDpVc2VyczoAYWxleGE6AFBhcGVyczoAbmV0d29ya3M6AFBOQVMtMjAwNC1OZXdtYW4tNTIwMC01LnBkZgAOADgAGwBQAE4AQQBTAC0AMgAwADAANAAtAE4AZQB3AG0AYQBuAC0ANQAyADAAMAAtADUALgBwAGQAZgAPABoADABNAGEAYwBpAG4AdABvAHMAaAAgAEgARAASADdVc2Vycy9hbGV4YS9QYXBlcnMvbmV0d29ya3MvUE5BUy0yMDA0LU5ld21hbi01MjAwLTUucGRmAAATAAEvAAAVAAIADP//AACABtIbHB0eWiRjbGFzc25hbWVYJGNsYXNzZXNdTlNNdXRhYmxlRGF0YaMdHyBWTlNEYXRhWE5TT2JqZWN00hscIiNcTlNEaWN0aW9uYXJ5oiIgXxAPTlNLZXllZEFyY2hpdmVy0SYnVHJvb3SAAQAIABEAGgAjAC0AMgA3AEAARgBNAFUAYABnAGoAbABuAHEAcwB1AHcAhACOAMIAxwDPApMClQKaAqUCrgK8AsACxwLQAtUC4gLlAvcC+gL/AAAAAAAAAgEAAAAAAAAAKAAAAAAAAAAAAAAAAAAAAwE=}}

@inproceedings{backstrom2006group,
	Author = {Backstrom, Lars and Huttenlocher, Dan and Kleinberg, Jon and Lan, Xiangyang},
	Booktitle = {Proceedings of the 12th ACM SIGKDD international conference on Knowledge discovery and data mining},
	Date-Added = {2015-11-23 23:16:29 +0000},
	Date-Modified = {2015-11-23 23:16:29 +0000},
	Organization = {ACM},
	Pages = {44--54},
	Title = {Group formation in large social networks: membership, growth, and evolution},
	Year = {2006},
	Bdsk-File-1 = {YnBsaXN0MDDUAQIDBAUGJCVYJHZlcnNpb25YJG9iamVjdHNZJGFyY2hpdmVyVCR0b3ASAAGGoKgHCBMUFRYaIVUkbnVsbNMJCgsMDxJXTlMua2V5c1pOUy5vYmplY3RzViRjbGFzc6INDoACgAOiEBGABIAFgAdccmVsYXRpdmVQYXRoWWFsaWFzRGF0YV8QJy4uLy4uL1BhcGVycy9uZXR3b3Jrcy9wNDQtYmFja3N0cm9tLnBkZtIXCxgZV05TLmRhdGFPEQGYAAAAAAGYAAIAAAxNYWNpbnRvc2ggSEQAAAAAAAAAAAAAAAAAAADPKLBfSCsAAAEe2CIRcDQ0LWJhY2tzdHJvbS5wZGYAAAAAAAAAAAAAAAAAAAAAAAAAAAAAAAAAAAAAAAAAAAAAAAAAAAAAAAAAAAAAAR8BhdJ5XO4AAAAAAAAAAAACAAMAAAkgAAAAAAAAAAAAAAAAAAAACG5ldHdvcmtzABAACAAAzyiiTwAAABEACAAA0nlO3gAAAAEAEAEe2CIA/sGDAAj84gACZdoAAgA+TWFjaW50b3NoIEhEOlVzZXJzOgBhbGV4YToAUGFwZXJzOgBuZXR3b3JrczoAcDQ0LWJhY2tzdHJvbS5wZGYADgAkABEAcAA0ADQALQBiAGEAYwBrAHMAdAByAG8AbQAuAHAAZABmAA8AGgAMAE0AYQBjAGkAbgB0AG8AcwBoACAASABEABIALVVzZXJzL2FsZXhhL1BhcGVycy9uZXR3b3Jrcy9wNDQtYmFja3N0cm9tLnBkZgAAEwABLwAAFQACAAz//wAAgAbSGxwdHlokY2xhc3NuYW1lWCRjbGFzc2VzXU5TTXV0YWJsZURhdGGjHR8gVk5TRGF0YVhOU09iamVjdNIbHCIjXE5TRGljdGlvbmFyeaIiIF8QD05TS2V5ZWRBcmNoaXZlctEmJ1Ryb290gAEACAARABoAIwAtADIANwBAAEYATQBVAGAAZwBqAGwAbgBxAHMAdQB3AIQAjgC4AL0AxQJhAmMCaAJzAnwCigKOApUCngKjArACswLFAsgCzQAAAAAAAAIBAAAAAAAAACgAAAAAAAAAAAAAAAAAAALP}}

@article{palla2007quantifying,
	Author = {Palla, Gergely and Barab{\'a}si, Albert-L{\'a}szl{\'o} and Vicsek, Tam{\'a}s},
	Date-Added = {2015-11-23 23:14:27 +0000},
	Date-Modified = {2015-11-23 23:14:27 +0000},
	Journal = {Nature},
	Number = {7136},
	Pages = {664--667},
	Publisher = {Nature Publishing Group},
	Title = {Quantifying social group evolution},
	Volume = {446},
	Year = {2007},
	Bdsk-File-1 = {YnBsaXN0MDDUAQIDBAUGJCVYJHZlcnNpb25YJG9iamVjdHNZJGFyY2hpdmVyVCR0b3ASAAGGoKgHCBMUFRYaIVUkbnVsbNMJCgsMDxJXTlMua2V5c1pOUy5vYmplY3RzViRjbGFzc6INDoACgAOiEBGABIAFgAdccmVsYXRpdmVQYXRoWWFsaWFzRGF0YV8QJS4uLy4uL1BhcGVycy9uZXR3b3Jrcy9uYXR1cmUwNTY3MC5wZGbSFwsYGVdOUy5kYXRhTxEBkAAAAAABkAACAAAMTWFjaW50b3NoIEhEAAAAAAAAAAAAAAAAAAAAzyiwX0grAAABHtgiD25hdHVyZTA1NjcwLnBkZgAAAAAAAAAAAAAAAAAAAAAAAAAAAAAAAAAAAAAAAAAAAAAAAAAAAAAAAAAAAAAAAAEe/z3SeVx+AAAAAAAAAAAAAgADAAAJIAAAAAAAAAAAAAAAAAAAAAhuZXR3b3JrcwAQAAgAAM8ook8AAAARAAgAANJ5Tm4AAAABABABHtgiAP7BgwAI/OIAAmXaAAIAPE1hY2ludG9zaCBIRDpVc2VyczoAYWxleGE6AFBhcGVyczoAbmV0d29ya3M6AG5hdHVyZTA1NjcwLnBkZgAOACAADwBuAGEAdAB1AHIAZQAwADUANgA3ADAALgBwAGQAZgAPABoADABNAGEAYwBpAG4AdABvAHMAaAAgAEgARAASACtVc2Vycy9hbGV4YS9QYXBlcnMvbmV0d29ya3MvbmF0dXJlMDU2NzAucGRmAAATAAEvAAAVAAIADP//AACABtIbHB0eWiRjbGFzc25hbWVYJGNsYXNzZXNdTlNNdXRhYmxlRGF0YaMdHyBWTlNEYXRhWE5TT2JqZWN00hscIiNcTlNEaWN0aW9uYXJ5oiIgXxAPTlNLZXllZEFyY2hpdmVy0SYnVHJvb3SAAQAIABEAGgAjAC0AMgA3AEAARgBNAFUAYABnAGoAbABuAHEAcwB1AHcAhACOALYAuwDDAlcCWQJeAmkCcgKAAoQCiwKUApkCpgKpArsCvgLDAAAAAAAAAgEAAAAAAAAAKAAAAAAAAAAAAAAAAAAAAsU=}}

@article{moody2005dynamic,
	Author = {Moody, James and McFarland, Daniel and Bender-deMoll, Skye},
	Date-Added = {2015-11-23 23:09:07 +0000},
	Date-Modified = {2015-11-23 23:09:07 +0000},
	Journal = {American Journal of Sociology},
	Number = {4},
	Pages = {1206--1241},
	Publisher = {JSTOR},
	Title = {Dynamic network visualization1},
	Volume = {110},
	Year = {2005},
	Bdsk-File-1 = {YnBsaXN0MDDUAQIDBAUGJCVYJHZlcnNpb25YJG9iamVjdHNZJGFyY2hpdmVyVCR0b3ASAAGGoKgHCBMUFRYaIVUkbnVsbNMJCgsMDxJXTlMua2V5c1pOUy5vYmplY3RzViRjbGFzc6INDoACgAOiEBGABIAFgAdccmVsYXRpdmVQYXRoWWFsaWFzRGF0YV8QIC4uLy4uL1BhcGVycy9uZXR3b3Jrcy80MjE1MDkucGRm0hcLGBlXTlMuZGF0YU8RAXwAAAAAAXwAAgAADE1hY2ludG9zaCBIRAAAAAAAAAAAAAAAAAAAAM8osF9IKwAAAR7YIgo0MjE1MDkucGRmAAAAAAAAAAAAAAAAAAAAAAAAAAAAAAAAAAAAAAAAAAAAAAAAAAAAAAAAAAAAAAAAAAAAAAABHvAL0nlbSAAAAAAAAAAAAAIAAwAACSAAAAAAAAAAAAAAAAAAAAAIbmV0d29ya3MAEAAIAADPKKJPAAAAEQAIAADSeU04AAAAAQAQAR7YIgD+wYMACPziAAJl2gACADdNYWNpbnRvc2ggSEQ6VXNlcnM6AGFsZXhhOgBQYXBlcnM6AG5ldHdvcmtzOgA0MjE1MDkucGRmAAAOABYACgA0ADIAMQA1ADAAOQAuAHAAZABmAA8AGgAMAE0AYQBjAGkAbgB0AG8AcwBoACAASABEABIAJlVzZXJzL2FsZXhhL1BhcGVycy9uZXR3b3Jrcy80MjE1MDkucGRmABMAAS8AABUAAgAM//8AAIAG0hscHR5aJGNsYXNzbmFtZVgkY2xhc3Nlc11OU011dGFibGVEYXRhox0fIFZOU0RhdGFYTlNPYmplY3TSGxwiI1xOU0RpY3Rpb25hcnmiIiBfEA9OU0tleWVkQXJjaGl2ZXLRJidUcm9vdIABAAgAEQAaACMALQAyADcAQABGAE0AVQBgAGcAagBsAG4AcQBzAHUAdwCEAI4AsQC2AL4CPgJAAkUCUAJZAmcCawJyAnsCgAKNApACogKlAqoAAAAAAAACAQAAAAAAAAAoAAAAAAAAAAAAAAAAAAACrA==}}

@article{palla2005uncovering,
	Author = {Palla, Gergely and Der{\'e}nyi, Imre and Farkas, Ill{\'e}s and Vicsek, Tam{\'a}s},
	Date-Added = {2015-11-23 22:49:29 +0000},
	Date-Modified = {2015-11-23 22:58:27 +0000},
	Journal = {Nature},
	Keywords = {communities, networks},
	Number = {7043},
	Pages = {814--818},
	Publisher = {Nature Publishing Group},
	Read = {0},
	Title = {Uncovering the overlapping community structure of complex networks in nature and society},
	Volume = {435},
	Year = {2005},
	Bdsk-File-1 = {YnBsaXN0MDDUAQIDBAUGJCVYJHZlcnNpb25YJG9iamVjdHNZJGFyY2hpdmVyVCR0b3ASAAGGoKgHCBMUFRYaIVUkbnVsbNMJCgsMDxJXTlMua2V5c1pOUy5vYmplY3RzViRjbGFzc6INDoACgAOiEBGABIAFgAdccmVsYXRpdmVQYXRoWWFsaWFzRGF0YV8QJS4uLy4uL1BhcGVycy9uZXR3b3Jrcy9uYXR1cmUwMzYwNy5wZGbSFwsYGVdOUy5kYXRhTxEBkAAAAAABkAACAAAMTWFjaW50b3NoIEhEAAAAAAAAAAAAAAAAAAAAzyiwX0grAAABHtgiD25hdHVyZTAzNjA3LnBkZgAAAAAAAAAAAAAAAAAAAAAAAAAAAAAAAAAAAAAAAAAAAAAAAAAAAAAAAAAAAAAAAAEe2BvSeVliAAAAAAAAAAAAAgADAAAJIAAAAAAAAAAAAAAAAAAAAAhuZXR3b3JrcwAQAAgAAM8ook8AAAARAAgAANJ5S1IAAAABABABHtgiAP7BgwAI/OIAAmXaAAIAPE1hY2ludG9zaCBIRDpVc2VyczoAYWxleGE6AFBhcGVyczoAbmV0d29ya3M6AG5hdHVyZTAzNjA3LnBkZgAOACAADwBuAGEAdAB1AHIAZQAwADMANgAwADcALgBwAGQAZgAPABoADABNAGEAYwBpAG4AdABvAHMAaAAgAEgARAASACtVc2Vycy9hbGV4YS9QYXBlcnMvbmV0d29ya3MvbmF0dXJlMDM2MDcucGRmAAATAAEvAAAVAAIADP//AACABtIbHB0eWiRjbGFzc25hbWVYJGNsYXNzZXNdTlNNdXRhYmxlRGF0YaMdHyBWTlNEYXRhWE5TT2JqZWN00hscIiNcTlNEaWN0aW9uYXJ5oiIgXxAPTlNLZXllZEFyY2hpdmVy0SYnVHJvb3SAAQAIABEAGgAjAC0AMgA3AEAARgBNAFUAYABnAGoAbABuAHEAcwB1AHcAhACOALYAuwDDAlcCWQJeAmkCcgKAAoQCiwKUApkCpgKpArsCvgLDAAAAAAAAAgEAAAAAAAAAKAAAAAAAAAAAAAAAAAAAAsU=}}
