%% This BibTeX bibliography file was created using BibDesk.
%% http://bibdesk.sourceforge.net/


%% Created for Alexa Schlegel at 2015-11-24 00:22:36 +0100 


%% Saved with string encoding Unicode (UTF-8) 
%%
 
 @article{Shen20091706,
	 title = {Detect overlapping and hierarchical community structure in networks},
	 journal = {Physica A: Statistical Mechanics and its Applications },
	 volume = {388},
	 number = {8},
	 pages = {1706 - 1712},
	 year = {2009},
	 issn = {0378-4371},
	 doi = {http://dx.doi.org/10.1016/j.physa.2008.12.021},
	 author = {Huawei Shen and Xueqi Cheng and Kai Cai and Mao-Bin Hu}
 }

@article{Cui201485,
	title = {Detecting overlapping communities in networks using the maximal sub-graph and the clustering coefficient},
	journal = {Physica A: Statistical Mechanics and its Applications},
	volume = {405},
	pages = {85 - 91},
	year = {2014},
	issn = {0378-4371},
	doi = {http://dx.doi.org/10.1016/j.physa.2014.03.027},
	author = {Yaozu Cui and Xingyuan Wang and Junqiu Li}
}

@article{1367-2630-11-3-033015,
  author={Andrea Lancichinetti and Santo Fortunato and János Kertész},
  title={Detecting the overlapping and hierarchical community structure in complex networks},
  journal={New Journal of Physics},
  volume={11},
  number={3},
  pages={033015},
  url={http://stacks.iop.org/1367-2630/11/i=3/a=033015},
  year={2009}
}
	

@article{porter2009communities,
  title={Communities in networks},
  author={Porter, Mason A and Onnela, Jukka-Pekka and Mucha, Peter J},
  journal={Notices of the AMS},
  volume={56},
  number={9},
  pages={1082--1097},
  year={2009}
}

@book{wasserman1994social,
  title={Social network analysis: Methods and applications},
  author={Wasserman, Stanley and Faust, Katherine},
  volume={8},
  year={1994},
  publisher={Cambridge university press}
}

@article{ramasco2006social,
  title={Social inertia in collaboration networks},
  author={Ramasco, Jos{\'e} J and Morris, Steven A},
  journal={Physical Review E},
  volume={73},
  number={1},
  pages={016122},
  year={2006},
  publisher={APS}
}

@article{lancichinetti2009community,
  title={Community detection algorithms: a comparative analysis},
  author={Lancichinetti, Andrea and Fortunato, Santo},
  journal={Physical review E},
  volume={80},
  number={5},
  pages={056117},
  year={2009},
  publisher={APS}
}

@article{fortunato2010community,
  title={Community detection in graphs},
  author={Fortunato, Santo},
  journal={Physics Reports},
  volume={486},
  number={3},
  pages={75--174},
  year={2010},
  publisher={Elsevier}
}

@article{newman2004fast,
  title={Fast algorithm for detecting community structure in networks},
  author={Newman, Mark EJ},
  journal={Physical review E},
  volume={69},
  number={6},
  pages={066133},
  year={2004},
  publisher={APS}
}

@article{girvan2002community,
  title={Community structure in social and biological networks},
  author={Girvan, Michelle and Newman, Mark EJ},
  journal={Proceedings of the national academy of sciences},
  volume={99},
  number={12},
  pages={7821--7826},
  year={2002},
  publisher={National Acad Sciences}
}

@article{batagelj2007short,
  title={Short cycle connectivity},
  author={Batagelj, Vladimir and Zaver{\v{s}}nik, Matjaz},
  journal={Discrete Mathematics},
  volume={307},
  number={3},
  pages={310--318},
  year={2007},
  publisher={Elsevier}
}

@article{everett1998analyzing,
  title={Analyzing clique overlap},
  author={Everett, Martin G and Borgatti, Stephen P},
  journal={Connections},
  volume={21},
  number={1},
  pages={49--61},
  year={1998}
}

@article{derenyi2005clique,
  title={Clique percolation in random networks},
  author={Der{\'e}nyi, Imre and Palla, Gergely and Vicsek, Tam{\'a}s},
  journal={Physical review letters},
  volume={94},
  number={16},
  pages={160202},
  year={2005},
  publisher={APS}
}

@article{barabasi2002evolution,
	Author = {Barab{\^a}si, Albert-Laszlo and Jeong, Hawoong and N{\'e}da, Zoltan and Ravasz, Erzsebet and Schubert, Andras and Vicsek, Tamas},
	Date-Added = {2015-11-23 23:21:18 +0000},
	Date-Modified = {2015-11-23 23:21:18 +0000},
	Journal = {Physica A: Statistical mechanics and its applications},
	Number = {3},
	Pages = {590--614},
	Publisher = {Elsevier},
	Title = {Evolution of the social network of scientific collaborations},
	Volume = {311},
	Year = {2002}
}

@article{newman2001structure,
	Author = {Newman, Mark EJ},
	Date-Added = {2015-11-23 23:19:55 +0000},
	Date-Modified = {2015-11-23 23:19:55 +0000},
	Journal = {Proceedings of the National Academy of Sciences},
	Number = {2},
	Pages = {404--409},
	Publisher = {National Acad Sciences},
	Title = {The structure of scientific collaboration networks},
	Volume = {98},
	Year = {2001}
}

@article{newman2004coauthorship,
	Author = {Newman, Mark EJ},
	Date-Added = {2015-11-23 23:18:14 +0000},
	Date-Modified = {2015-11-23 23:18:14 +0000},
	Journal = {Proceedings of the national academy of sciences},
	Number = {suppl 1},
	Pages = {5200--5205},
	Publisher = {National Acad Sciences},
	Title = {Coauthorship networks and patterns of scientific collaboration},
	Volume = {101},
	Year = {2004}
}

@inproceedings{backstrom2006group,
	Author = {Backstrom, Lars and Huttenlocher, Dan and Kleinberg, Jon and Lan, Xiangyang},
	Booktitle = {Proceedings of the 12th ACM SIGKDD international conference on Knowledge discovery and data mining},
	Date-Added = {2015-11-23 23:16:29 +0000},
	Date-Modified = {2015-11-23 23:16:29 +0000},
	Organization = {ACM},
	Pages = {44--54},
	Title = {Group formation in large social networks: membership, growth, and evolution},
	Year = {2006}
}

@article{palla2007quantifying,
	Author = {Palla, Gergely and Barab{\'a}si, Albert-L{\'a}szl{\'o} and Vicsek, Tam{\'a}s},
	Date-Added = {2015-11-23 23:14:27 +0000},
	Date-Modified = {2015-11-23 23:14:27 +0000},
	Journal = {Nature},
	Number = {7136},
	Pages = {664--667},
	Publisher = {Nature Publishing Group},
	Title = {Quantifying social group evolution},
	Volume = {446},
	Year = {2007}
}

@article{moody2005dynamic,
	Author = {Moody, James and McFarland, Daniel and Bender-deMoll, Skye},
	Date-Added = {2015-11-23 23:09:07 +0000},
	Date-Modified = {2015-11-23 23:09:07 +0000},
	Journal = {American Journal of Sociology},
	Number = {4},
	Pages = {1206--1241},
	Publisher = {JSTOR},
	Title = {Dynamic network visualization1},
	Volume = {110},
	Year = {2005}
}

@article{palla2005uncovering,
	Author = {Palla, Gergely and Der{\'e}nyi, Imre and Farkas, Ill{\'e}s and Vicsek, Tam{\'a}s},
	Date-Added = {2015-11-23 22:49:29 +0000},
	Date-Modified = {2015-11-23 22:58:27 +0000},
	Journal = {Nature},
	Keywords = {communities, networks},
	Number = {7043},
	Pages = {814--818},
	Publisher = {Nature Publishing Group},
	Read = {0},
	Title = {Uncovering the overlapping community structure of complex networks in nature and society},
	Volume = {435},
	Year = {2005}
}
